
@book{opengl-redbook,
	author = {Opengl and Shreiner, D.  and Woo, M.  and Neider, J.  and Davis, T. },
	citeulike-article-id = {407851},
	howpublished = {Paperback},
	isbn = {0321335732},
	keywords = {opengl},
	month = {August},
	posted-at = {2008-02-26 23:26:00},
	publisher = {Addison-Wesley Professional},
	title = {OpenGL(R) Programming Guide : The Official Guide to Learning OpenGL(R), Version 2 (5th Edition)},
	url = {http://www.amazon.ca/exec/obidos/redirect?tag=citeulike09-20\&amp;path=ASIN/0321335732},
	year = {2005}
}
@misc{qtref,
   author = "Wikipedia",
   title = "Qt (toolkit) --- Wikipedia{,} The Free Encyclopedia",
   year = "2008",
   url = "http://en.wikipedia.org/w/index.php?title=Qt_(toolkit)&oldid=243484411",
   note = "[Online; accessed 9-October-2008]"
 }
@article{ reynolds87flocks,
    author = {Craig W. Reynolds},
    title = {Flocks, Herds, and Schools: {A} Distributed Behavioral Model},
    journal = {Computer Graphics},
    volume = {21},
    number = {4},
    pages = {25--34},
    year = {1987},
    url = {citeseer.ist.psu.edu/reynolds87flocks.html},
    url = {http://www.red3d.com/cwr/papers/1987/boids.html}
    }
