@book{bonabeau1999sin,
  title={{Swarm Intelligence: From Natural to Artificial Systems}},
  author={Bonabeau, E. and Dorigo, M. and Theraulaz, G.},
  year={1999},
  publisher={Oxford University Press}
}

@book{dorigo2004aco,
  title={{Ant Colony Optimization}},
  author={Dorigo, M.},
  year={2004},
  publisher={MIT Press}
}

% swarmbots general citation
@article{mondada2004sbn,
  title={{Swarm-Bot: A New Distributed Robotic Concept}},
  author={Mondada, F. and Pettinaro, G.C. and Guignard, A. and Kwee, I.W. and Floreano, D. and Deneubourg, J.L. and Nolfi, S. and Gambardella, L.M. and Dorigo, M.},
  journal={Autonomous Robots},
  volume={17},
  number={2},
  pages={193--221},
  year={2004},
  publisher={Springer}
}


@InProceedings{kennedy1995pso,
  title={{Particle Swarm Optimization}},
  author={Kennedy, J. and Eberhart, R.},
  booktitle={Proceedings of the 1995 IEEE International Conference on Neural Networks},
  year={1995}
}

@InProceedings{bishop1989,
  author={Bishop, J.M.}, 
  year={1989},
  title={{Stochastic Searching Networks}},
  booktitle={Proceedings of the 1st IEEE Conference on Artificial Neural Networks},
  pages={329-331}
}

@InProceedings{reynolds1987,
  author={Reynolds, C. W.},
  year={1987},
  title={{Flocks, Herds, and Schools: A Distributed Behavioral Model}},
  booktitle={Computer Graphics, 21(4) (SIGGRAPH '87 Conference Proceedings)},
  pages={25-34}
 }

% Just for P2P systems
@InProceedings{anthill, 
title={Anthill: a framework for the development of agent-based peer-to-peer systems}, 
author={Babaoglu, O. and Meling, H. and Montresor, A.}, 
booktitle={Proceedings of the 22nd International Conference on Distributed Computing Systems}, 
year={2002}, 
 }
 
 % just for modeling information systems
 @article{sikora1998maf,
  title={{A Multi-Agent Framework for the Coordination and Integration of Information Systems}},
  author={Sikora, R. and Shaw, M.J.},
  journal={Management Science},
  volume={44},
  number={11},
  pages={65--78},
  year={1998},
  publisher={JSTOR}
}

% Does not address swarm-level control
@book{minar1996sss,
  title={{The Swarm Simulation System: A Toolkit for Building Multi-agent Simulations}},
  author={Minar, N.},
  year={1996},
  publisher={Santa Fe Institute}
}

% Repast -- does not address swarm-level control directly
@article{collier2003ref,
  title={{Repast: An extensible framework for agent simulation}},
  author={Collier, N.},
  journal={The University of Chicago's Social Science Research},
  year={2003}
}

@article{ kirkpatrick83optimization,
    author = "S. Kirkpatrick and C. D. Gelatt and M. P. Vecchi",
    title = {{Optimization by Simulated Annealing}},
    journal = "Science, Number 4598",
    volume = "220, 4598",
    pages = "671--680",
    month="May",
    year = "1983"
 }
 


% couzin ant model for lane formation. makes graphs for 2 parameters vs. 1 "abstract parameter":
% flow
@conference{couzin2003sol,
  title={{Self-organized lane formation and optimized traffic flow in army ants}},
  author={Couzin, ID and Franks, NR},
  booktitle={Proc. R. Soc. Lond. B},
  volume={270},
  pages={139--146},
  year={2003}
}


% mclurkin's mit masters thesis that gives a library of swarm behaviors in robots, organized
% in a hierarchical manner
@phdthesis{mclurkin2004srt,
  title={{Stupid Robot Tricks: A Behavior-Based Distributed Algorithm Library for Programming Swarms of Robots}},
  author={McLurkin, J.D.},
  year={2004},
  school={Massachusetts Institute of Technology}
}

% has a ugly list of parameters
@article{parrish2002sof,
  title={{Self-organized fish schools: an examination of emergent properties}},
  author={Parrish, J.K. and Viscido, S.V. and Grunbaum, D.},
  journal={Biological Bulletin, Marine Biological Laboratory, Woods Hole},
  volume={202},
  number={3},
  pages={296--305},
  year={2002}
}

% ant simulation
@article{beckers1992tau,
  title={{Trails and U-turns in the selection of a path by the ant Lasius niger}},
  author={Beckers, R. and Deneubourg, J. and Goss, S.},
  journal={Journal of theoretical biology},
  volume={159},
  number={4},
  pages={397--415},
  year={1992},
  publisher={Elsevier}
}

@article{sibson1981bdn,
  title={{A brief description of natural neighbour interpolation}},
  author={Sibson, R.},
  journal={Interpreting Multivariate Data},
  pages={21--36},
  year={1981},
  publisher={Chichester: John Wiley}
}